2875 4700
308 743 346 802 ²4
661 726 780 786 London's
802 731 929 788 Remirs.

342 886 402 944 Hic
417 905 495 966 quoq
509 910 518 956 3
538 887 688 964 signantur
703 889 815 948 Titulis
830 904 860 949 ct
874 890 1005 965 Imagine
1021 887 1136 964 Regum

383 983 524 1042 Mortales
539 983 648 1044 animos
663 1003 730 1064 quse
746 985 842 1062 Magis
856 987 944 1046 Arma
958 986 1083 1045 domant.

340 1081 478 1142 Praesidio
492 1096 584 1142 tuttm
600 1081 725 1142 Carolus
738 1081 794 1140 sibi
808 1082 920 1141 fecerat
934 1085 1041 1141 Arcem
1057 1105 1064 1141 :

382 1179 517 1240 Praesidio
532 1195 561 1237 st
575 1179 670 1238 fuerat
684 1179 776 1240 tutior
788 1178 840 1238 ills
854 1179 923 1240 Dei.

342 1275 398 1334 Sed
412 1277 533 1336 tremuit
547 1277 651 1336 merito
666 1291 749 1334 tanto
762 1275 906 1335 obvallata
920 1275 1027 1346 calore,

382 1373 441 1434 Cui
456 1375 522 1432 satis
536 1374 576 1446 sd,
587 1373 694 1432 Clades
710 1392 767 1432 uns
782 1373 893 1442 Fauilla
906 1373 983 1433 foret
997 1395 1004 1432 ε

345 1469 382 1528 Et
397 1471 453 1529 nisi
465 1470 566 1530 divino
581 1485 743 1548 superesset
757 1489 879 1530 munere
895 1489 1001 1547 sospes,

383 1567 563 1644 Flagrsssent
578 1586 637 1627 uno
651 1567 754 1644 Regna
768 1566 907 1626 Britanna
921 1567 997 1626 foco.
1114 1604 1119 1610 ·

338 1772 374 1829 In
389 1790 439 1830 sus
452 1770 522 1828 dum
536 1770 656 1830 reduces
667 1771 756 1830 vertit
768 1771 890 1848 vestigia
903 1770 1027 1847 plantas,

381 1867 493 1945 Spargit
508 1881 538 1926 et
552 1865 622 1926 hinc
637 1865 778 1938 lacrimas,
793 1866 900 1944 spargit
914 1883 945 1925 et
959 1866 1028 1925 inde
1042 1886 1152 1944 preces.

339 1965 494 2043 Conspicit
507 1963 668 2024 Aurisrcum
683 1962 805 2023 flammis
820 1964 917 2023 arsisse
932 1963 1094 2037 Tabernas,

379 2061 510 2122 Nomine
526 2061 576 2120 ubi
592 2061 695 2134 Italico
710 2075 780 2121 nota
796 2060 896 2120 Platea
909 2060 975 2122 fuit.

338 2161 435 2237 Quaeq
449 2184 458 2231 ς
479 2158 561 2218 dedit
575 2158 706 2218 Gramen
720 2158 850 2235 perituro
865 2155 996 2216 Nomina
1010 2158 1096 2230 Vico,

379 2257 451 2316 Non
465 2271 595 2334 superest
610 2257 697 2315 tantis
713 2255 815 2314 Herba
829 2256 943 2314 minuta
957 2256 1030 2314 focis
1046 2277 1054 2314 t

340 2354 443 2413 Gratis
453 2354 512 2413 sive
527 2352 608 2411 dedit
622 2368 702 2429 grato
717 2371 768 2411 sua
783 2351 914 2411 Nomina
928 2354 1004 2424 vico,

379 2446 471 2505 Nunc
486 2461 615 2523 superest
630 2446 717 2504 tantis
733 2444 836 2504 Gratia
850 2446 932 2504 nulla
947 2446 1045 2523 Rogis.

340 2543 474 2621 Angulus
488 2558 517 2601 at
529 2544 615 2619 juxta
629 2557 717 2601 restat
732 2542 768 2600 de
783 2542 886 2601 funere
901 2558 1009 2619 raptus,

381 2642 416 2699 In
432 2660 490 2719 quo
505 2638 745 2721 (Lanuuiana)
761 2639 856 2715 portio
869 2654 964 2699 vestra
979 2640 1047 2701 fuit.

341 2738 459 2797 Eminet
473 2736 531 2795 alta
546 2736 668 2809 Domus,
683 2757 748 2816 quae
763 2736 850 2795 tantis
864 2735 957 2795 obsita
970 2734 1093 2796 flammis

382 2820 486 2896 Nuper
535 2832 605 2889 etat,
650 2817 803 2896 plusquam
848 2816 940 2888 Voce,
986 2815 1160 2889 Paorrrsour

423 2914 532 2975 Cauca.

343 3013 453 3088 Magna
491 3011 613 3083 Domus,
652 3012 748 3069 minor
782 3026 810 3069 at
849 3009 988 3082 Domino,
1023 3007 1071 3071 cui
1112 3014 1207 3089 copia.

423 3110 523 3168 Menti

378 3206 524 3285 Suppetit,
539 3221 569 3265 et
584 3225 699 3282 magnas
716 3206 805 3290 Mens
819 3206 909 3281 magis
922 3221 1006 3264 ornat
1020 3226 1099 3284 opes.

336 3307 429 3381 Larga
443 3322 544 3362 manus
558 3322 699 3361 memores
714 3302 798 3360 solita
812 3318 855 3361 est
868 3302 972 3361 fecisse
986 3302 1127 3362 merendo
1142 3328 1152 3372 3

376 3399 416 3458 Et
430 3414 544 3455 sensere
560 3396 681 3467 Scholae,
696 3396 786 3455 sensit
801 3396 917 3471 Egenus
932 3416 1028 3472 opem.

341 3494 521 3570 Importunas,
535 3490 646 3561 videns,
660 3490 709 3548 vix
724 3490 826 3568 pressit
840 3488 955 3550 Gaudia
971 3490 1058 3549 Musa
1075 3513 1083 3549 s

382 3586 463 3644 Dum
478 3603 563 3660 grave
578 3582 697 3641 diducto
713 3583 841 3643 Carmen
862 3582 898 3642 sb
910 3602 962 3642 ore
976 3599 1070 3643 sonat.

342 3679 465 3749 Discite,
481 3696 567 3755 quam
582 3676 697 3737 valeant
711 3676 839 3737 flammas
853 3677 1009 3738 benefacta
1023 3680 1127 3755 sopire,

382 3772 490 3829 Rursus
504 3770 535 3828 in
550 3770 712 3829 Authorem
725 3772 803 3847 jussa
816 3771 910 3830 redire
925 3791 1019 3849 suum.
