2875 4700
330 730 364 788 16
661 727 777 785 Laudatis
800 728 925 786 nemrim.

365 892 502 970 Ingemit,
518 905 547 950 et
563 891 653 948 nostri
668 890 731 948 haec
745 889 863 948 fuerant
876 908 940 964 pars
956 887 1067 963 Magna
1082 886 1195 954 laboris,

403 988 516 1065 Inquit,
533 1002 563 1045 et
577 986 713 1045 immensi
729 985 824 1044 Cauta
838 984 946 1044 doloris
960 1001 1057 1044 erunt.

363 1085 473 1143 Infelix
489 1084 621 1151 Buatum,
635 1084 723 1159 periit
737 1103 797 1159 quo
811 1096 873 1140 tots
887 1081 1034 1150 Vetustss,

402 1184 462 1259 Atq
478 1206 487 1250 3
505 1182 627 1258 antiqua
641 1199 750 1238 novum
764 1179 869 1238 rudera
883 1178 984 1237 Funus
999 1178 1127 1236 habenti

363 1279 475 1337 Caetera
491 1293 522 1336 ut
537 1278 688 1336 admittam
703 1276 795 1335 saeclis
809 1275 967 1352 reparanda
980 1275 1086 1334 futuris

403 1374 526 1446 Damna,
541 1393 640 1452 parem
654 1373 806 1433 cumulum
820 1373 926 1432 saecula
939 1373 1021 1430 nulla
1036 1372 1157 1430 dabunt.

364 1597 453 1656 Haud
468 1597 579 1673 procul,
595 1596 717 1654 excelsis
732 1595 804 1653 olim
820 1596 984 1653 Pnaeronrn
998 1595 1097 1671 pinnis

402 1693 584 1770 surgebant3
606 1693 689 1750 Pario
706 1693 856 1751 Marmore
872 1693 954 1752 fulsit
969 1715 1049 1772 opus.

362 1792 431 1850 Alta
446 1791 504 1848 duo
521 1790 624 1849 AEtnei
639 1791 791 1848 servabant
804 1791 887 1849 Atria
903 1792 1025 1862 Fratres,

405 1889 590 1966 Praetextaq;
609 1889 748 1966 frequens
762 1888 911 1964 splenduit
923 1889 999 1948 Aula
1014 1889 1105 1965 Toga.

363 1986 423 2045 Hic
438 1986 547 2063 populo
561 1986 709 2062 Augustus
727 1985 871 2044 reddebat
884 1986 968 2061 Jurra
982 1987 1113 2057 Senatus,

404 2085 441 2142 Et
456 2104 506 2142 sua
522 2083 640 2142 Pratori
652 2082 724 2141 sella
739 2083 848 2141 curulia
863 2097 934 2142 erat.

365 2181 482 2258 Sedneq
498 2205 506 2250 ;
528 2179 696 2240 Vulcanum
711 2180 790 2254 Juris
802 2181 966 2238 reverentia
980 2182 1068 2257 cepit.

404 2279 486 2336 Tuta
501 2275 639 2335 satellitio
655 2295 710 2335 nec
726 2276 784 2336 fuit
797 2276 874 2336 Aula
888 2297 950 2337 suo.

365 2375 459 2444 Vidit,
475 2390 504 2432 et
519 2392 650 2449 exurgas,
666 2373 751 2447 dixit,
766 2375 922 2451 speciosior
935 2375 1020 2445 Aula,

403 2474 463 2549 Atq
477 2495 486 2540 ;
506 2472 645 2548 frequens
660 2472 746 2528 solita
762 2471 852 2529 Curia
866 2472 918 2529 lite
931 2488 1045 2549 strepat.

366 2696 433 2769 Qua
447 2711 600 2751 numerosa
614 2692 686 2750 olim
700 2692 796 2750 doctis
809 2694 991 2771 pulsantibus
1005 2716 1060 2753 aera

406 2789 539 2847 Suaviter
552 2788 589 2847 ad
603 2790 691 2847 varias
706 2805 773 2847 sunt
788 2790 936 2849 modulata
950 2809 1041 2851 notas.

366 2890 454 2967 Quaq
469 2911 478 2956 ;
499 2905 679 2963 repercussos
694 2888 809 2945 inverso
825 2886 928 2946 Turris
942 2890 979 2947 ab
994 2891 1079 2949 Aaou

409 2984 543 3043 Vibrarat
559 2983 706 3061 quondam
724 2984 840 3041 Musica
854 2985 955 3044 Turba
968 3008 1052 3046 sonos
1066 3012 1073 3046 :

368 3081 520 3160 (Subditus
535 3081 579 3138 his
594 3079 745 3138 Vulcanus
760 3097 830 3151 erat,
845 3102 931 3159 namq
945 3108 953 3151 ;
973 3104 1028 3141 aere
1040 3085 1172 3160 jubente,

404 3178 439 3235 In
452 3192 512 3235 tota
526 3196 633 3252 prunas
649 3177 782 3235 condidit
798 3179 881 3237 Urbe
897 3181 983 3255 cinis)

363 3274 453 3333 Nunc
470 3274 588 3349 elingue
603 3275 683 3349 jacet
697 3275 846 3353 quondam
860 3278 963 3335 vocale
980 3278 1148 3338 Metallum.

404 3370 600 3448 Ludibriumq
614 3393 623 3438 ς
644 3370 733 3445 Rogis
746 3372 840 3429 Arcus
855 3372 975 3432 inermis
988 3375 1086 3435 habet.

368 3470 452 3527 Neve
467 3468 587 3544 impune
603 3467 686 3539 feras,
701 3467 824 3548 (inquit)
841 3484 873 3529 tu
890 3470 1042 3530 Mulciber
1056 3474 1117 3551 ipse

410 3564 485 3621 Mox
501 3563 570 3621 alias
585 3564 691 3637 Voces,
706 3566 797 3623 altera
812 3565 889 3625 Tela
904 3568 992 3628 dabis.

371 3662 468 3736 Pergit
483 3675 512 3719 et
527 3660 562 3717 ad
577 3675 675 3719 notam
691 3662 804 3721 Rucanr
820 3662 947 3723 Nostius
962 3665 1098 3737 Bursam,

409 3758 446 3816 Et
461 3756 575 3815 llamure
590 3756 702 3829 Victor,
718 3759 888 3833 Gresharne,
903 3761 987 3833 dixit,
1002 3765 1072 3821 Ave.

414 3836 448 3896 16
