2875 4700
335 659 372 717 30
550 637 716 718 Aurgeroyle
734 639 828 716 διάη)
844 636 977 714 Reprirtr.

334 805 411 865 Mox
427 803 524 863 efforts
541 821 617 861 novo
633 799 772 861 calefient
786 818 908 877 corporo
920 817 1018 871 succo,

373 901 412 961 Et
425 899 530 960 refluet
544 897 636 958 celeri
650 898 734 978 pulsa
749 898 877 975 Juventa
890 895 976 974 pede.

333 998 470 1079 Primaq;
492 997 671 1076 praecipitem
686 1009 815 1055 accerset
829 994 937 1072 lanugo
950 1009 1109 1064 senectam,

373 1096 483 1156 Induet
498 1111 527 1155 et
542 1114 626 1154 canas
641 1094 712 1153 Arte
725 1092 863 1171 jubente,
879 1093 969 1153 nives.

333 1193 453 1270 integer
466 1194 518 1272 inq
531 1217 541 1263 3
560 1211 645 1252 suum
660 1191 783 1269 Pylades
798 1189 933 1250 transibit
947 1191 1093 1261 Orestem,

373 1289 439 1349 Nec
456 1290 557 1366 Pyladi
571 1290 676 1348 frustra
690 1308 798 1348 nomen
814 1289 927 1348 Orestis
942 1289 1007 1348 erit.

335 1389 441 1447 Forsan
456 1402 486 1447 et
500 1386 636 1464 ambiguo
651 1387 722 1445 dum
736 1385 845 1445 ludunt
859 1385 991 1463 Corpore
1008 1385 1138 1458 Menses,

375 1485 505 1546 Eludent
519 1485 608 1544 docto
622 1484 715 1543 ferrea
729 1483 800 1542 Fata
814 1482 892 1544 dolo.

334 1585 416 1665 Quin
432 1597 461 1642 et
477 1581 586 1642 Pastori
601 1580 707 1639 latrans
722 1579 912 1640 famulabitur
926 1584 1039 1659 Agnus,

376 1680 535 1759 Balantesq
551 1704 560 1752 ς
583 1694 696 1738 metent
712 1677 886 1758 pascualaeta
901 1679 1008 1739 Canes.

337 1777 475 1851 Hinniet‚
490 1793 520 1837 et
535 1777 655 1836 fremitu
671 1776 726 1835 sibi
740 1776 839 1855 praelia
854 1794 954 1855 poscet
968 1777 1093 1850 Asellus,

376 1877 414 1936 Et
430 1877 552 1956 Sonipes
566 1896 668 1936 raucos
683 1875 812 1955 proferet
826 1895 876 1934 ore
890 1897 986 1937 sonos.

336 1977 415 2056 Inq;
436 1975 598 2034 Hominem
613 1974 684 2034 dum
698 1988 778 2050 grata
791 1973 857 2051 Jovi
873 1975 1085 2034 transfunditur
1099 1975 1176 2046 Ales,

379 2073 455 2132 Mox
471 2073 555 2132 laeves
570 2074 658 2130 Artus
673 2072 760 2130 insita
776 2070 879 2130 Pluma
895 2087 997 2149 teget;

338 2171 376 2231 Et
393 2171 446 2230 tibi
460 2195 469 2242 ς
490 2191 559 2250 quas
574 2170 680 2228 frustra
695 2169 820 2228 tentavit
835 2169 929 2228 sutilis
944 2170 1008 2243 Ala,

380 2270 471 2342 Icare,
487 2268 607 2328 donabit
621 2269 735 2347 propria
750 2287 847 2346 penna
861 2269 931 2330 vias.

338 2369 487 2447 Denique,
502 2368 585 2427 mille
601 2366 704 2425 colunt
720 2366 870 2425 celebrem
887 2368 1035 2427 Miracula
1049 2370 1156 2440 sedem¹

377 2468 454 2533 Quae
469 2486 529 2525 non
545 2480 612 2525 sunt
627 2465 726 2541 Elegis
742 2466 935 2543 concipienda
950 2468 1034 2529 meis.
1048 2505 1051 2509 μ

340 2564 462 2623 Restat:
484 2578 513 2621 at
528 2564 635 2621 afflatos
649 2562 734 2621 vultu
750 2563 882 2621 confessa
896 2564 1007 2623 calores

379 2660 515 2720 Discolor
529 2680 544 2718 a
559 2658 637 2717 foedo
652 2659 785 2719 redditur
799 2662 873 2737 Igne
889 2661 1013 2723 Domus.

340 2760 442 2819 Vidit:
464 2774 493 2817 et
508 2759 562 2816 hac
578 2778 635 2816 una
650 2758 757 2817 minuis
773 2774 819 2818 tot
832 2760 957 2820 crimina
971 2762 1081 2834 Laude,

380 2857 468 2916 Musa
482 2857 522 2914 ait
538 2880 546 2925 ;
568 2871 597 2915 et
612 2857 730 2915 veniam
745 2856 880 2929 Lemnie,
896 2857 1003 2917 habeto
1019 2879 1123 2921 meam.

342 2952 455 3012 Caetera
471 2966 503 3009 ut
518 2950 617 3009 invisit
632 2966 719 3009 tantae
735 2950 877 3010 invidiosa
891 2954 985 3013 ruinae

381 3050 542 3126 Fragmina,
558 3064 587 3107 et
602 3068 618 3106 e
635 3049 745 3125 Magna
760 3049 839 3127 quod
853 3070 939 3128 super
954 3051 1036 3112 Urbe
1051 3053 1117 3115 fuit.

343 3148 472 3207 Plurima
488 3162 564 3205 tacta
578 3147 659 3205 videt
674 3145 796 3205 flammis
811 3146 1018 3223 lambentibus,
1034 3172 1108 3227 aegre

382 3246 489 3324 Erepto
503 3244 604 3304 insano
620 3246 819 3304 semicremata
834 3245 918 3323 Rogo
931 3271 941 3317 ς

342 3348 459 3421 Integra
474 3363 574 3421 pauca,
591 3342 801 3421 (Hostipariter
815 3344 969 3421 praedanda
982 3348 1099 3428 relicta)

381 3442 473 3502 Nunc
488 3440 623 3500 Dominis
639 3438 791 3499 cumulant
806 3440 896 3512 lucra,
910 3461 1030 3522 recepta
1046 3447 1112 3505 suis.

344 3542 401 3601 Sed
415 3540 517 3611 nolite,
532 3553 641 3609 monet,
656 3538 748 3598 nimio
763 3538 908 3599 conducta
923 3541 1010 3600 locari
1024 3566 1033 3612 ;

382 3638 431 3698 Ne
446 3657 520 3697 nova
534 3657 593 3706 vos,
609 3637 709 3714 pressis
725 3636 881 3709 fratribus,
896 3639 943 3696 Ira
958 3656 1079 3717 premat,
1175 3683 1177 3685 ψ

343 3736 413 3796 Non
429 3736 509 3795 vobis
523 3735 639 3813 rapidus
654 3736 725 3795 fecit
740 3736 885 3813 stipendia
900 3738 1016 3807 fervor3

386 3835 444 3893 Sed
457 3833 586 3892 Domino
601 3834 786 3913 Obsequium
800 3836 934 3911 praestitit
947 3836 999 3894 ille
1014 3856 1074 3898 suo.

427 3932 463 3993 30
