2875 4700
676 738 794 796 London’s
817 741 943 799 Remaim.

374 899 512 976 ignifluss
526 900 576 958 scd
590 902 678 960 sensit
692 902 800 971 Amen,
814 919 872 977 neq
888 923 897 968 ;
917 899 994 958 finiit
1008 901 1077 969 Iras,

414 997 526 1075 Nullsq
541 1021 550 1066 ;
571 1013 632 1055 eret
646 1012 728 1056 tento
742 1017 792 1074 par
808 996 962 1056 Medicina
975 997 1061 1055 malo.

376 1094 499 1170 surgite,
514 1094 562 1164 sit,
578 1095 668 1152 nostri
683 1095 804 1152 secretis
817 1095 926 1169 surgite
942 1093 1056 1164 Phoebi,

416 1192 453 1250 Et
466 1193 600 1268 junctam
614 1210 709 1249 rursus
724 1191 830 1249 sentiat
844 1210 920 1267 aeger
933 1210 1029 1273 opem.

377 1289 510 1348 Proxima
526 1303 608 1346 erant
623 1288 770 1367 quondam
784 1289 907 1365 speciosi
920 1287 1050 1346 culmina
1063 1286 1194 1362 Templi,

416 1385 544 1444 Nomina
560 1386 722 1444 structores
737 1385 854 1444 Saucrn
869 1385 1044 1451 Sunonensis
1057 1384 1180 1442 dabant:

376 1483 474 1540 Omne
490 1497 588 1542 tamen
605 1483 744 1541 Sanctum
759 1483 926 1540 communia
941 1482 1009 1538 Fata
1023 1481 1209 1557 profannant,

416 1578 487 1656 Tuq
503 1603 512 1648 ;
533 1579 653 1656 Sepulta
667 1577 780 1636 Domus
795 1577 933 1637 Nominis
948 1579 1047 1635 Omen
1061 1576 1158 1634 habes.

377 1673 455 1744 Una,
471 1673 579 1742 ferunt,
596 1671 748 1748 Campana
762 1687 869 1741 manet,
885 1692 949 1749 quae
963 1687 1056 1729 morte
1071 1671 1164 1728 luenti

329 1807 331 1812 ·
417 1770 558 1840 Crimine,
573 1771 604 1826 in
620 1769 759 1827 extremis
772 1770 898 1827 officiosa
909 1770 979 1828 fuit.

377 1864 414 1922 Et
427 1882 552 1934 maneas,
567 1864 674 1941 inquit,
690 1853 832 1940 flammisq
848 1887 857 1931 3
877 1877 985 1939 erepta,
1000 1881 1131 1939 reposcas

415 1958 560 2015 Authores
577 1971 663 2015 tantae
678 1957 729 2034 qui
744 1956 831 2014 modo
846 1956 947 2031 stragis
958 1971 1049 2013 erant.

377 2213 540 2269 Occrnuau
556 2213 625 2270 hinc
641 2195 754 2287 cupidis
769 2211 881 2269 Unneu
897 2201 1052 2286 perlustrat
1068 2210 1190 2279 0cellir,

418 2307 581 2387 Exultatq3
602 2307 686 2367 simul
703 2307 843 2366 Culmina
859 2321 926 2365 nota
940 2306 1030 2367 videt.

379 2402 519 2460 Gratulor
533 2416 562 2459 et
576 2400 676 2471 Vobis,
693 2415 796 2457 nostrae
811 2400 948 2458 miracula
965 2400 1080 2469 Gentis,

419 2494 515 2566 Dixit,
531 2493 566 2551 ab
581 2494 682 2551 insano
697 2514 757 2551 non
773 2509 913 2552 temerata
928 2494 1021 2569 Rogo.

378 2594 514 2667 Agnosco
531 2591 608 2648 Petri
625 2590 813 2661 Cathedranr‚
830 2591 989 2668 Regumq3
1010 2588 1179 2665 Sepulchra,

420 2688 521 2766 Fassaq
536 2712 545 2757 3
567 2687 708 2744 Mortales
725 2686 871 2745 Marmora
886 2702 983 2744 maesta
998 2685 1085 2744 Deos.

378 2784 481 2861 Atriaq
495 2808 505 2853 ;
525 2785 638 2859 augusti
653 2784 793 2842 consultis
808 2783 884 2841 clara
900 2783 1022 2842 Senatus
1037 2805 1044 2839 :

420 2882 507 2958 Quaq
522 2905 531 2951 ;
552 2896 655 2939 sonant
668 2882 749 2939 rauci
762 2881 861 2957 Jurgia
875 2881 960 2939 docta
975 2880 1051 2937 Fori.

381 2979 540 3037 Caesaream
555 2997 678 3053 agnosco
690 2976 802 3047 sedern,
817 2978 866 3035 cui
880 2976 997 3035 Nobilis
1011 2974 1087 3031 Aula

420 3076 447 3134 A
462 3074 592 3133 Domino
608 3074 743 3150 splendet
758 3072 912 3131 nobilitata
927 3093 988 3131 suo.

382 3172 497 3231 Tutum
512 3188 542 3229 et
557 3173 605 3242 ait,
621 3171 785 3229 Dominum
800 3169 922 3228 celebris
935 3169 988 3227 tibi
1004 3167 1133 3245 gratulor
1146 3166 1232 3236 Aula,

422 3270 533 3329 Tutam
549 3285 578 3327 et
593 3284 621 3327 te
638 3267 768 3326 Domino
782 3266 911 3343 gratulor
923 3267 999 3324 Aula
1014 3283 1074 3325 tuo.

384 3516 548 3582 Convenae,
563 3512 690 3569 occurrit
701 3509 811 3567 discors
822 3508 876 3567 sibi
891 3508 1020 3566 Nomine
1036 3509 1136 3576 Vicus,

424 3611 478 3681 Re,
494 3628 574 3667 carus
589 3608 723 3677 nimium,
739 3606 869 3664 Nomine
884 3606 949 3663 vilis
965 3622 1034 3664 erat.

385 3708 452 3778 Cui,
470 3706 537 3780 (nisi
553 3724 619 3763 cunr
636 3725 753 3780 magnos
769 3703 955 3761 celebrabant
969 3702 1048 3759 Vina
1065 3695 1238 3775 triumphos)

425 3802 559 3878 Limpida
574 3801 608 3858 ab
624 3818 722 3859 aurato
738 3802 830 3858 Fonte
846 3799 954 3858 lluebat
970 3820 1051 3875 aqua.

428 3902 461 3943 12
