2875 4700
346 714 384 774 26
660 717 779 776 Laruas
801 715 929 776 teneat

384 878 443 935 Hic
460 895 540 956 quoq
552 899 562 946 ς
582 877 787 936 Gauuautcu
801 877 928 936 Trrutta
942 876 1089 936 Contacta
1102 874 1229 950 fulgent.

424 971 580 1050 Proximaq
595 996 605 1042 ς
625 974 748 1032 inianter
762 991 822 1032 non
836 973 960 1048 tetigere
975 972 1061 1048 Rogi.

382 1069 452 1130 Non
467 1070 562 1130 minut
576 1071 638 1130 hec
653 1069 802 1130 Helicone
816 1089 868 1129 auo
882 1070 988 1128 dilexit
1000 1068 1130 1146 Appollo

422 1167 514 1240 Atria,
529 1183 559 1226 et
573 1169 662 1228 Aonii
674 1167 776 1228 Turba
790 1187 905 1226 novena
919 1166 1012 1226 chori.

382 1263 560 1322 omnimoda
574 1283 591 1322 e
605 1264 690 1324 celaia
703 1280 786 1324 tonat
800 1265 849 1323 nie
864 1263 1007 1324 Doctrina
1021 1261 1199 1331 Catlredria3

423 1359 565 1441 Dotatatq
579 1385 588 1430 ς
608 1363 694 1422 Artes
707 1363 762 1441 qni
772 1359 957 1438 profitentur,
970 1359 1089 1420 habent.

382 1453 551 1533 Philosophi
565 1458 614 1518 hic
629 1457 777 1534 Regnent,
790 1473 822 1518 et
836 1457 932 1532 Reges
944 1455 1196 1533 Philorophantur‚

421 1550 535 1630 (Unica
549 1554 629 1614 enim
644 1554 733 1614 untia
746 1553 857 1630 syllaba
869 1553 965 1611 danda
979 1553 1070 1630 Vitia)
1112 1578 1117 1584 ·

382 1649 443 1725 Qui
458 1649 555 1725 Reges
567 1650 661 1708 rocioa
674 1649 774 1709 Tituli
787 1649 989 1728 splendoribus
1002 1665 1127 1728 aequant,

422 1745 479 1804 Sed
492 1746 605 1806 faciunt
620 1745 732 1806 Titulle
744 1746 942 1826 splendidiora
954 1748 1023 1808 tuit.

381 1840 508 1918 Vapulat
521 1843 571 1902 ltic
585 1843 692 1904 veteris
704 1845 801 1922 jurata
813 1845 846 1904 iu
860 1845 949 1912 verba
962 1842 1098 1920 Magirtri

422 1939 598 2014 Credulitas,
611 1941 691 2002 facili
706 1943 822 2001 tramite
835 1941 923 2000 docta
936 1942 1030 2020 aequi.

382 2037 442 2096 Hic
456 2038 609 2098 celatadiu
624 2038 740 2098 Natura
752 2040 867 2098 Arcana
880 2039 1010 2108 feretum
1106 2083 1110 2090 .

422 2135 583 2213 Velatumq
597 2159 606 2204 ς
626 2134 700 2193 nibil
715 2135 797 2214 quod
811 2150 937 2206 tueatur,
951 2134 1050 2193 habet.

381 2233 441 2292 Hic
452 2232 664 2292 formidandam
678 2233 858 2310 cataphracti
873 2232 984 2292 Pulicia
998 2232 1121 2292 natam

423 2331 484 2409 Qui
498 2328 622 2390 videtin
636 2329 770 2403 Tubulo,
785 2329 907 2390 vulnera
920 2349 1024 2407 magna
1037 2330 1143 2389 timet:

381 2430 507 2507 Quoaq3
526 2427 606 2487 lever
619 2428 696 2487 ictut
710 2442 889 2505 compuncta
903 2429 1034 2488 cuticula
1048 2427 1146 2497 aentit,
1170 2471 1173 2476 ι

423 2526 555 2601 Majorea
570 2524 686 2583 dubitat
699 2525 832 2584 aenaibut
845 2544 907 2584 erac
921 2526 990 2585 init.

385 2623 545 2700 Squameus
556 2637 586 2681 et
600 2622 713 2699 Capitis
727 2638 893 2700 eportantes
907 2624 1010 2681 Incola
1024 2637 1132 2691 terret;

424 2718 501 2777 Nata
515 2737 570 2776 nec
585 2720 638 2777 ista
650 2734 755 2796 putant
771 2719 901 2796 Corpore
918 2720 1051 2779 Monstra
1063 2738 1135 2778 ruo:

382 2815 504 2893 Dumq;
525 2834 601 2875 unco
616 2818 713 2875 tenuit
728 2832 881 2895 prensatur
895 2816 996 2876 Crinit
1009 2816 1045 2875 ab
1060 2834 1168 2891 ungue,

422 2912 560 2972 Creditur
576 2912 725 2973 Herculea
740 2911 833 2972 Clara
847 2912 1000 2972 tremenda
1015 2930 1113 2971 manu.
1129 2949 1131 2956 =
1171 2947 1175 2956 ·

386 3092 475 3151 Parva
483 3090 595 3170 loquor.
612 3092 756 3167 Magnum
767 3107 819 3162 ert,
824 3105 906 3169 paret
914 3089 995 3170 quod
1003 3089 1132 3151 acoribus
1139 3089 1239 3160 aether,

424 3189 486 3267 Atq
498 3213 507 3259 3
527 3190 631 3261 oculis,
647 3190 768 3249 Mentea
782 3208 847 3268 quae
861 3189 982 3260 latuere,
996 3204 1108 3267 patent.

382 3289 429 3347 Tu
446 3286 573 3358 lustrata,
589 3287 671 3345 novin
686 3305 776 3357 nuuc,
792 3285 932 3363 Cynthia,
947 3286 1068 3363 rupihur
1082 3286 1171 3357 alber,

424 3384 462 3441 Et
476 3384 565 3441 maria
579 3383 709 3459 agnoscis
724 3403 783 3460 qua
796 3383 883 3442 modo
897 3383 1014 3443 Dumna
1028 3403 1100 3444 erar.

385 3481 441 3557 Inq
455 3503 465 3549 t
486 3495 536 3539 tuo
548 3478 669 3537 macula
683 3492 859 3555 spectantur,
876 3478 1019 3554 Cynthie,
1033 3479 1128 3540 vultu.
1144 3540 1148 3545 ,

423 3576 548 3635 Falcifer
562 3591 662 3654 atque3
682 3577 775 3634 Anraa
789 3576 871 3653 queia
890 3591 1020 3647 teneare,
1034 3577 1120 3653 gerit.

382 3672 442 3744 Tu,
466 3692 594 3751 quoque,
618 3673 708 3745 Mara,
731 3689 763 3731 tu
786 3673 893 3733 blanda
913 3672 1026 3744 Venua,
1051 3688 1129 3750 tuq;
1149 3672 1239 3748 aliger

466 3770 601 3841 Hermes,

429 3848 465 3907 26
