<?xml version="1.0" encoding="UTF-8"?>
<!DOCTYPE html PUBLIC "-//W3C//DTD XHTML 1.0 Transitional//EN"
    "http://www.w3.org/TR/xhtml1/DTD/xhtml1-transitional.dtd">
<html xmlns="http://www.w3.org/1999/xhtml" xml:lang="en" lang="en">
 <head>
  <title>
</title>
<meta http-equiv="Content-Type" content="text/html;charset=utf-8" />
  <meta name='ocr-system' content='tesseract 3.04.00' />
  <meta name='ocr-capabilities' content='ocr_page ocr_carea ocr_par ocr_line ocrx_word'/>
</head>
<body>
  <div class='ocr_page' id='page_1' title='image "./londoniquodreli00fordgoog_0032.png"; bbox 0 0 2875 4700; ppageno 0'>
   <div class='ocr_carea' id='block_1_1' title="bbox 316 707 898 768">
    <p class='ocr_par' dir='ltr' id='par_1_1' title="bbox 316 707 898 768">
     <span class='ocr_line' id='line_1_1' title="bbox 316 707 898 768; baseline 0.007 -4"><span class='ocrx_word' id='word_1_1' title='bbox 316 725 351 764; x_wconf 87' lang='lat'>22</span> <span class='ocrx_word' id='word_1_2' title='bbox 629 707 748 768; x_wconf 68' lang='lat' dir='ltr'>Ltsdosls</span> <span class='ocrx_word' id='word_1_3' title='bbox 769 707 898 768; x_wconf 70' lang='lat' dir='ltr'>Rem.</span> 
     </span>
    </p>
   </div>
   <div class='ocr_carea' id='block_1_2' title="bbox 350 866 1116 1140">
    <p class='ocr_par' dir='ltr' id='par_1_2' title="bbox 350 866 1116 1140">
     <span class='ocr_line' id='line_1_2' title="bbox 352 866 1116 945; baseline 0.001 -20"><span class='ocrx_word' id='word_1_4' title='bbox 352 866 435 926; x_wconf 87' lang='lat' dir='ltr'>Parte</span> <span class='ocrx_word' id='word_1_5' title='bbox 451 884 548 928; x_wconf 84' lang='lat' dir='ltr'>tamen</span> <span class='ocrx_word' id='word_1_6' title='bbox 564 869 746 941; x_wconf 83' lang='lat' dir='ltr'>labefactata,</span> <span class='ocrx_word' id='word_1_7' title='bbox 761 869 820 940; x_wconf 86' lang='lat' dir='ltr'>Te,</span> <span class='ocrx_word' id='word_1_8' title='bbox 836 867 1016 944; x_wconf 80' lang='lat' dir='ltr'>(Mulciber)</span> <span class='ocrx_word' id='word_1_9' title='bbox 1031 870 1116 945; x_wconf 84' lang='lat' dir='ltr'>ajunt</span> 
     </span>
     <span class='ocr_line' id='line_1_3' title="bbox 391 965 929 1044; baseline 0.007 -20"><span class='ocrx_word' id='word_1_10' title='bbox 391 965 550 1043; x_wconf 84' lang='lat' dir='ltr'>Extemplo</span> <span class='ocrx_word' id='word_1_11' title='bbox 564 967 677 1044; x_wconf 83' lang='lat' dir='ltr'><strong>incepti</strong></span> <span class='ocrx_word' id='word_1_12' title='bbox 691 967 860 1044; x_wconf 82' lang='lat' dir='ltr'>paenituisse</span> <span class='ocrx_word' id='word_1_13' title='bbox 874 967 929 1028; x_wconf 86' lang='lat' dir='ltr'>tui.</span> 
     </span>
     <span class='ocr_line' id='line_1_4' title="bbox 350 1062 1098 1140; baseline 0.001 -20"><span class='ocrx_word' id='word_1_14' title='bbox 350 1062 429 1122; x_wconf 92' lang='lat' dir='ltr'>Nam</span> <span class='ocrx_word' id='word_1_15' title='bbox 445 1063 573 1122; x_wconf 88' lang='lat' dir='ltr'>timuisse</span> <span class='ocrx_word' id='word_1_16' title='bbox 588 1063 689 1124; x_wconf 84' lang='lat' dir='ltr'>ferunt</span> <span class='ocrx_word' id='word_1_17' title='bbox 703 1083 741 1124; x_wconf 87' lang='lat' dir='ltr'>nc</span> <span class='ocrx_word' id='word_1_18' title='bbox 756 1078 888 1140; x_wconf 73' lang='lat' dir='ltr'>surgeret</span> <span class='ocrx_word' id='word_1_19' title='bbox 901 1063 979 1124; x_wconf 80' lang='lat' dir='ltr'>unda</span> <span class='ocrx_word' id='word_1_20' title='bbox 993 1062 1098 1133; x_wconf 86' lang='lat' dir='ltr'>soluta,</span> 
     </span>
    </p>
   </div>
   <div class='ocr_carea' id='block_1_3' title="bbox 351 1160 1207 1334">
    <p class='ocr_par' dir='ltr' id='par_1_3' title="bbox 351 1160 1207 1334">
     <span class='ocr_line' id='line_1_5' title="bbox 390 1160 1063 1237; baseline -0.001 -18"><span class='ocrx_word' id='word_1_21' title='bbox 390 1160 428 1220; x_wconf 87' lang='lat' dir='ltr'>Et</span> <span class='ocrx_word' id='word_1_22' title='bbox 442 1161 591 1224; x_wconf 84' lang='lat' dir='ltr'>Thamisis</span> <span class='ocrx_word' id='word_1_23' title='bbox 604 1161 743 1224; x_wconf 81' lang='lat' dir='ltr'>Dominae</span> <span class='ocrx_word' id='word_1_24' title='bbox 756 1161 848 1222; x_wconf 87' lang='lat' dir='ltr'>libers</span> <span class='ocrx_word' id='word_1_25' title='bbox 861 1161 953 1221; x_wconf 83' lang='lat' dir='ltr'>ferret</span> <span class='ocrx_word' id='word_1_26' title='bbox 965 1179 1063 1237; x_wconf 87' lang='lat' dir='ltr'>opem.</span> 
     </span>
     <span class='ocr_line' id='line_1_6' title="bbox 351 1249 1207 1334; baseline -0.004 -23"><span class='ocrx_word' id='word_1_27' title='bbox 351 1252 438 1312; x_wconf 89' lang='lat' dir='ltr'>Musa</span> <span class='ocrx_word' id='word_1_28' title='bbox 449 1255 528 1316; x_wconf 82' lang='lat' dir='ltr'>videt</span> <span class='ocrx_word' id='word_1_29' title='bbox 541 1279 550 1326; x_wconf 76' lang='lat' dir='ltr'>t</span> <span class='ocrx_word' id='word_1_30' title='bbox 564 1254 726 1334; x_wconf 87' lang='lat' dir='ltr'>Celebresq</span> <span class='ocrx_word' id='word_1_31' title='bbox 738 1277 749 1324; x_wconf 69' lang='grc' dir='ltr'>ς</span> <span class='ocrx_word' id='word_1_32' title='bbox 761 1268 895 1330; x_wconf 78' lang='lat' dir='ltr'>premnt</span> <span class='ocrx_word' id='word_1_33' title='bbox 905 1268 955 1314; x_wconf 87' lang='lat' dir='ltr'>tus</span> <span class='ocrx_word' id='word_1_34' title='bbox 965 1251 1087 1312; x_wconf 86' lang='lat' dir='ltr'>llumius</span> <span class='ocrx_word' id='word_1_35' title='bbox 1098 1249 1207 1321; x_wconf 88' lang='lat' dir='ltr'>Moles,</span> 
     </span>
    </p>
   </div>
   <div class='ocr_carea' id='block_1_4' title="bbox 350 1349 1198 1624">
    <p class='ocr_par' dir='ltr' id='par_1_4' title="bbox 350 1349 1198 1624">
     <span class='ocr_line' id='line_1_7' title="bbox 389 1349 1074 1431; baseline -0.001 -22"><span class='ocrx_word' id='word_1_36' title='bbox 389 1351 491 1430; x_wconf 85' lang='lat' dir='ltr'>lnquit</span> <span class='ocrx_word' id='word_1_37' title='bbox 506 1366 536 1411; x_wconf 89' lang='lat' dir='ltr'>et</span> <span class='ocrx_word' id='word_1_38' title='bbox 551 1371 604 1431; x_wconf 90' lang='lat' dir='ltr'>usq</span> <span class='ocrx_word' id='word_1_39' title='bbox 619 1375 628 1422; x_wconf 71' lang='grc' dir='ltr'>ς</span> <span class='ocrx_word' id='word_1_40' title='bbox 648 1351 777 1411; x_wconf 86' lang='lat' dir='ltr'>fremens</span> <span class='ocrx_word' id='word_1_41' title='bbox 790 1349 968 1428; x_wconf 82' lang='lat' dir='ltr'>despiciatur</span> <span class='ocrx_word' id='word_1_42' title='bbox 980 1350 1074 1428; x_wconf 74' lang='grc' dir='ltr'><strong>Λφιι.</strong></span> 
     </span>
     <span class='ocr_line' id='line_1_8' title="bbox 350 1443 1198 1527; baseline -0.005 -22"><span class='ocrx_word' id='word_1_43' title='bbox 350 1445 400 1506; x_wconf 91' lang='lat' dir='ltr'>Tu</span> <span class='ocrx_word' id='word_1_44' title='bbox 415 1468 543 1527; x_wconf 89' lang='lat' dir='ltr'>quoque,</span> <span class='ocrx_word' id='word_1_45' title='bbox 558 1449 640 1526; x_wconf 88' lang='lat' dir='ltr'>queis</span> <span class='ocrx_word' id='word_1_46' title='bbox 654 1446 781 1525; x_wconf 90' lang='lat' dir='ltr'>prudens</span> <span class='ocrx_word' id='word_1_47' title='bbox 795 1447 865 1518; x_wconf 80' lang='lat' dir='ltr'>iras,</span> <span class='ocrx_word' id='word_1_48' title='bbox 880 1446 1024 1517; x_wconf 80' lang='lat' dir='ltr'>Vulcano,</span> <span class='ocrx_word' id='word_1_49' title='bbox 1037 1443 1198 1524; x_wconf 75' lang='lat' dir='ltr'>premebas,</span> 
     </span>
     <span class='ocr_line' id='line_1_9' title="bbox 390 1543 962 1624; baseline 0.005 -22"><span class='ocrx_word' id='word_1_50' title='bbox 390 1545 503 1604; x_wconf 79' lang='lat' dir='ltr'>Invitus</span> <span class='ocrx_word' id='word_1_51' title='bbox 517 1545 656 1621; x_wconf 76' lang='lat' dir='ltr'>deinceps</span> <span class='ocrx_word' id='word_1_52' title='bbox 669 1543 775 1602; x_wconf 87' lang='lat' dir='ltr'>discito</span> <span class='ocrx_word' id='word_1_53' title='bbox 787 1544 878 1604; x_wconf 75' lang='lat' dir='ltr'>fraena</span> <span class='ocrx_word' id='word_1_54' title='bbox 892 1545 962 1624; x_wconf 91' lang='lat' dir='ltr'>pati.</span> 
     </span>
    </p>
   </div>
   <div class='ocr_carea' id='block_1_5' title="bbox 348 1735 1154 2299">
    <p class='ocr_par' dir='ltr' id='par_1_5' title="bbox 349 1735 1100 1912">
     <span class='ocr_line' id='line_1_10' title="bbox 349 1735 1100 1807; baseline -0.001 -13"><span class='ocrx_word' id='word_1_55' title='bbox 349 1737 488 1796; x_wconf 82' lang='lat' dir='ltr'>Astiterat</span> <span class='ocrx_word' id='word_1_56' title='bbox 502 1735 648 1796; x_wconf 77' lang='lat' dir='ltr'><strong>Tabulata</strong></span> <span class='ocrx_word' id='word_1_57' title='bbox 662 1735 785 1807; x_wconf 87' lang='lat' dir='ltr'>Domus,</span> <span class='ocrx_word' id='word_1_58' title='bbox 799 1737 894 1796; x_wconf 88' lang='lat' dir='ltr'>multo</span> <span class='ocrx_word' id='word_1_59' title='bbox 909 1737 987 1796; x_wconf 89' lang='lat' dir='ltr'>unde</span> <span class='ocrx_word' id='word_1_60' title='bbox 1001 1735 1100 1794; x_wconf 88' lang='lat' dir='ltr'>labore</span> 
     </span>
     <span class='ocr_line' id='line_1_11' title="bbox 390 1831 1092 1912; baseline 0.001 -22"><span class='ocrx_word' id='word_1_61' title='bbox 390 1833 573 1894; x_wconf 83' lang='lat' dir='ltr'>Flumineam</span> <span class='ocrx_word' id='word_1_62' title='bbox 587 1835 619 1892; x_wconf 93' lang='lat' dir='ltr'>in</span> <span class='ocrx_word' id='word_1_63' title='bbox 633 1835 739 1892; x_wconf 81' lang='lat' dir='ltr'>calices</span> <span class='ocrx_word' id='word_1_64' title='bbox 752 1834 853 1892; x_wconf 89' lang='lat' dir='ltr'>Antlia</span> <span class='ocrx_word' id='word_1_65' title='bbox 867 1831 952 1893; x_wconf 92' lang='lat' dir='ltr'>duxit</span> <span class='ocrx_word' id='word_1_66' title='bbox 967 1835 1092 1912; x_wconf 84' lang='lat' dir='ltr'>Aquam,</span> 
     </span>
    </p>

    <p class='ocr_par' dir='ltr' id='par_1_6' title="bbox 348 1929 1099 2088">
     <span class='ocr_line' id='line_1_12' title="bbox 348 1929 1099 2008; baseline -0.003 -19"><span class='ocrx_word' id='word_1_67' title='bbox 348 1929 445 1989; x_wconf 88' lang='lat' dir='ltr'>Docta</span> <span class='ocrx_word' id='word_1_68' title='bbox 457 1950 509 2008; x_wconf 87' lang='lat' dir='ltr'>per</span> <span class='ocrx_word' id='word_1_69' title='bbox 522 1931 669 1992; x_wconf 85' lang='lat' dir='ltr'>sufrsctus</span> <span class='ocrx_word' id='word_1_70' title='bbox 682 1931 775 1991; x_wconf 88' lang='lat' dir='ltr'>varios</span> <span class='ocrx_word' id='word_1_71' title='bbox 789 1931 944 1990; x_wconf 85' lang='lat' dir='ltr'>ascendere</span> <span class='ocrx_word' id='word_1_72' title='bbox 959 1930 1099 2008; x_wconf 79' lang='lat' dir='ltr'>Nympha</span> 
     </span>
     <span class='ocr_line' id='line_1_13' title="bbox 390 2026 993 2088; baseline 0.005 -3"><span class='ocrx_word' id='word_1_73' title='bbox 390 2026 535 2088; x_wconf 87' lang='lat' dir='ltr'>Daedalcis</span> <span class='ocrx_word' id='word_1_74' title='bbox 550 2029 634 2088; x_wconf 91' lang='lat' dir='ltr'>solita</span> <span class='ocrx_word' id='word_1_75' title='bbox 648 2043 691 2088; x_wconf 92' lang='lat' dir='ltr'>est</span> <span class='ocrx_word' id='word_1_76' title='bbox 706 2027 803 2087; x_wconf 85' lang='lat' dir='ltr'>Tecta</span> <span class='ocrx_word' id='word_1_77' title='bbox 816 2026 914 2087; x_wconf 89' lang='lat' dir='ltr'>subire</span> <span class='ocrx_word' id='word_1_78' title='bbox 929 2028 993 2088; x_wconf 84' lang='lat' dir='ltr'>viis.</span> 
     </span>
    </p>

    <p class='ocr_par' dir='ltr' id='par_1_7' title="bbox 351 2123 1154 2299">
     <span class='ocr_line' id='line_1_14' title="bbox 351 2123 1154 2202; baseline 0.001 -20"><span class='ocrx_word' id='word_1_79' title='bbox 351 2123 509 2196; x_wconf 87' lang='lat' dir='ltr'>Mulciber,</span> <span class='ocrx_word' id='word_1_80' title='bbox 523 2139 553 2184; x_wconf 90' lang='lat' dir='ltr'>at</span> <span class='ocrx_word' id='word_1_81' title='bbox 563 2125 669 2202; x_wconf 80' lang='lat' dir='ltr'>rapidis</span> <span class='ocrx_word' id='word_1_82' title='bbox 683 2124 853 2184; x_wconf 82' lang='lat' dir='ltr'>succumbas</span> <span class='ocrx_word' id='word_1_83' title='bbox 869 2125 1011 2184; x_wconf 85' lang='lat' dir='ltr'>Machina</span> <span class='ocrx_word' id='word_1_84' title='bbox 1024 2123 1154 2184; x_wconf 83' lang='lat' dir='ltr'>dammis.</span> 
     </span>
     <span class='ocr_line' id='line_1_15' title="bbox 390 2221 947 2299; baseline 0.005 -19"><span class='ocrx_word' id='word_1_85' title='bbox 390 2221 523 2294; x_wconf 78' lang='lat' dir='ltr'>Dixerat,</span> <span class='ocrx_word' id='word_1_86' title='bbox 538 2223 569 2282; x_wconf 89' lang='lat' dir='ltr'>in</span> <span class='ocrx_word' id='word_1_87' title='bbox 584 2223 679 2282; x_wconf 85' lang='lat' dir='ltr'>clades</span> <span class='ocrx_word' id='word_1_88' title='bbox 693 2223 846 2299; x_wconf 86' lang='lat' dir='ltr'>ingeniosa</span> <span class='ocrx_word' id='word_1_89' title='bbox 861 2243 947 2283; x_wconf 86' lang='lat' dir='ltr'>meas.</span> 
     </span>
    </p>
   </div>
   <div class='ocr_carea' id='block_1_6' title="bbox 351 2313 1105 2491">
    <p class='ocr_par' dir='ltr' id='par_1_8' title="bbox 351 2313 1105 2491">
     <span class='ocr_line' id='line_1_16' title="bbox 351 2313 1105 2395; baseline 0.003 -22"><span class='ocrx_word' id='word_1_90' title='bbox 351 2313 447 2385; x_wconf 86' lang='lat' dir='ltr'>Musa,</span> <span class='ocrx_word' id='word_1_91' title='bbox 461 2335 580 2391; x_wconf 87' lang='lat' dir='ltr'>gemens</span> <span class='ocrx_word' id='word_1_92' title='bbox 594 2316 712 2393; x_wconf 88' lang='lat' dir='ltr'>perlisse</span> <span class='ocrx_word' id='word_1_93' title='bbox 728 2335 791 2376; x_wconf 84' lang='lat' dir='ltr'>suas</span> <span class='ocrx_word' id='word_1_94' title='bbox 806 2316 856 2377; x_wconf 91' lang='lat' dir='ltr'>ubi</span> <span class='ocrx_word' id='word_1_95' title='bbox 870 2317 996 2395; x_wconf 89' lang='lat' dir='ltr'>percipit</span> <span class='ocrx_word' id='word_1_96' title='bbox 1010 2315 1105 2387; x_wconf 85' lang='lat' dir='ltr'>Artes,</span> 
     </span>
     <span class='ocr_line' id='line_1_17' title="bbox 390 2412 1040 2491; baseline 0.003 -21"><span class='ocrx_word' id='word_1_97' title='bbox 390 2413 501 2489; x_wconf 91' lang='lat' dir='ltr'>Inquit,</span> <span class='ocrx_word' id='word_1_98' title='bbox 516 2428 546 2471; x_wconf 94' lang='lat' dir='ltr'>et</span> <span class='ocrx_word' id='word_1_99' title='bbox 560 2412 664 2471; x_wconf 84' lang='lat' dir='ltr'>artifici</span> <span class='ocrx_word' id='word_1_100' title='bbox 680 2412 919 2491; x_wconf 76' lang='lat' dir='ltr'>Machina‘surge</span> <span class='ocrx_word' id='word_1_101' title='bbox 936 2415 1040 2474; x_wconf 86' lang='lat' dir='ltr'>Manu.</span> 
     </span>
    </p>
   </div>
   <div class='ocr_carea' id='block_1_7' title="bbox 348 2605 1126 2968">
    <p class='ocr_par' dir='ltr' id='par_1_9' title="bbox 350 2605 1126 2779">
     <span class='ocr_line' id='line_1_18' title="bbox 350 2605 1126 2682; baseline 0.003 -20"><span class='ocrx_word' id='word_1_102' title='bbox 350 2606 492 2682; x_wconf 89' lang='lat' dir='ltr'>Prospicit</span> <span class='ocrx_word' id='word_1_103' title='bbox 506 2606 576 2665; x_wconf 90' lang='lat' dir='ltr'>hinc</span> <span class='ocrx_word' id='word_1_104' title='bbox 591 2621 694 2666; x_wconf 89' lang='lat' dir='ltr'>notum</span> <span class='ocrx_word' id='word_1_105' title='bbox 708 2605 823 2665; x_wconf 88' lang='lat' dir='ltr'>deterso</span> <span class='ocrx_word' id='word_1_106' title='bbox 837 2606 993 2666; x_wconf 86' lang='lat' dir='ltr'>abdomine</span> <span class='ocrx_word' id='word_1_107' title='bbox 1011 2606 1126 2676; x_wconf 73' lang='lat' dir='ltr'>Vicum,</span> 
     </span>
     <span class='ocr_line' id='line_1_19' title="bbox 389 2702 975 2779; baseline 0 -16"><span class='ocrx_word' id='word_1_108' title='bbox 389 2702 478 2763; x_wconf 86' lang='lat' dir='ltr'>Unde</span> <span class='ocrx_word' id='word_1_109' title='bbox 493 2702 551 2761; x_wconf 89' lang='lat' dir='ltr'>fuit</span> <span class='ocrx_word' id='word_1_110' title='bbox 566 2703 639 2761; x_wconf 90' lang='lat' dir='ltr'>tanti</span> <span class='ocrx_word' id='word_1_111' title='bbox 654 2702 731 2761; x_wconf 88' lang='lat' dir='ltr'>Fons</span> <span class='ocrx_word' id='word_1_112' title='bbox 746 2718 776 2761; x_wconf 89' lang='lat' dir='ltr'>et</span> <span class='ocrx_word' id='word_1_113' title='bbox 789 2703 882 2779; x_wconf 87' lang='lat' dir='ltr'>Origo</span> <span class='ocrx_word' id='word_1_114' title='bbox 897 2703 975 2764; x_wconf 86' lang='lat' dir='ltr'>mali.</span> 
     </span>
    </p>

    <p class='ocr_par' dir='ltr' id='par_1_10' title="bbox 348 2799 1040 2968">
     <span class='ocr_line' id='line_1_20' title="bbox 348 2799 1020 2877; baseline 0 -18"><span class='ocrx_word' id='word_1_115' title='bbox 348 2800 445 2873; x_wconf 84' lang='lat' dir='ltr'>Dixit,</span> <span class='ocrx_word' id='word_1_116' title='bbox 460 2815 490 2860; x_wconf 92' lang='lat' dir='ltr'>et</span> <span class='ocrx_word' id='word_1_117' title='bbox 503 2801 621 2861; x_wconf 82' lang='lat' dir='ltr'>aetcrnis</span> <span class='ocrx_word' id='word_1_118' title='bbox 634 2800 787 2860; x_wconf 86' lang='lat' dir='ltr'>damnatus</span> <span class='ocrx_word' id='word_1_119' title='bbox 801 2821 887 2877; x_wconf 86' lang='lat' dir='ltr'>surge</span> <span class='ocrx_word' id='word_1_120' title='bbox 902 2799 1020 2860; x_wconf 83' lang='lat' dir='ltr'>Cloacis</span> 
     </span>
     <span class='ocr_line' id='line_1_21' title="bbox 388 2898 1040 2968; baseline 0.003 -13"><span class='ocrx_word' id='word_1_121' title='bbox 388 2898 521 2968; x_wconf 91' lang='lat' dir='ltr'>Viculus,</span> <span class='ocrx_word' id='word_1_122' title='bbox 536 2898 653 2957; x_wconf 82' lang='lat' dir='ltr'>infamis</span> <span class='ocrx_word' id='word_1_123' title='bbox 668 2900 789 2959; x_wconf 86' lang='lat' dir='ltr'>nomina</span> <span class='ocrx_word' id='word_1_124' title='bbox 805 2898 905 2958; x_wconf 82' lang='lat' dir='ltr'>Cladis</span> <span class='ocrx_word' id='word_1_125' title='bbox 919 2899 1040 2957; x_wconf 90' lang='lat' dir='ltr'>habeus.</span> 
     </span>
    </p>
   </div>
   <div class='ocr_carea' id='block_1_8' title="bbox 345 3090 1157 3747">
    <p class='ocr_par' dir='ltr' id='par_1_11' title="bbox 348 3090 1084 3259">
     <span class='ocr_line' id='line_1_22' title="bbox 348 3090 1084 3169; baseline 0.003 -21"><span class='ocrx_word' id='word_1_126' title='bbox 348 3090 429 3149; x_wconf 91' lang='lat' dir='ltr'>Hinc</span> <span class='ocrx_word' id='word_1_127' title='bbox 444 3107 600 3169; x_wconf 82' lang='lat' dir='ltr'>conspecta</span> <span class='ocrx_word' id='word_1_128' title='bbox 615 3107 714 3152; x_wconf 88' lang='lat' dir='ltr'>manet</span> <span class='ocrx_word' id='word_1_129' title='bbox 730 3092 851 3151; x_wconf 79' lang='lat' dir='ltr'>Castelli</span> <span class='ocrx_word' id='word_1_130' title='bbox 867 3092 960 3168; x_wconf 85' lang='lat' dir='ltr'>Regia</span> <span class='ocrx_word' id='word_1_131' title='bbox 976 3091 1084 3151; x_wconf 86' lang='lat' dir='ltr'>Moles.</span> 
     </span>
     <span class='ocr_line' id='line_1_23' title="bbox 388 3189 1002 3259; baseline 0.003 -12"><span class='ocrx_word' id='word_1_132' title='bbox 388 3189 449 3247; x_wconf 87' lang='lat' dir='ltr'>Arx</span> <span class='ocrx_word' id='word_1_133' title='bbox 464 3205 507 3248; x_wconf 87' lang='lat' dir='ltr'>est</span> <span class='ocrx_word' id='word_1_134' title='bbox 522 3204 584 3249; x_wconf 85' lang='lat' dir='ltr'>tuta</span> <span class='ocrx_word' id='word_1_135' title='bbox 599 3189 689 3259; x_wconf 89' lang='lat' dir='ltr'>Loco,</span> <span class='ocrx_word' id='word_1_136' title='bbox 704 3191 797 3250; x_wconf 90' lang='lat' dir='ltr'>tutior</span> <span class='ocrx_word' id='word_1_137' title='bbox 806 3190 883 3249; x_wconf 88' lang='lat' dir='ltr'>Arce</span> <span class='ocrx_word' id='word_1_138' title='bbox 898 3189 1002 3249; x_wconf 89' lang='lat' dir='ltr'>Locus.</span> 
     </span>
    </p>

    <p class='ocr_par' dir='ltr' id='par_1_12' title="bbox 345 3283 1023 3461">
     <span class='ocr_line' id='line_1_24' title="bbox 345 3283 1023 3361; baseline 0.001 -18"><span class='ocrx_word' id='word_1_139' title='bbox 345 3283 440 3361; x_wconf 89' lang='lat' dir='ltr'>Julius</span> <span class='ocrx_word' id='word_1_140' title='bbox 455 3286 517 3346; x_wconf 80' lang='lat' dir='ltr'>haec</span> <span class='ocrx_word' id='word_1_141' title='bbox 531 3286 625 3346; x_wconf 83' lang='lat' dir='ltr'>fertur</span> <span class='ocrx_word' id='word_1_142' title='bbox 639 3288 775 3347; x_wconf 87' lang='lat' dir='ltr'>struxisse</span> <span class='ocrx_word' id='word_1_143' title='bbox 792 3286 902 3345; x_wconf 77' lang='lat' dir='ltr'>Palatia</span> <span class='ocrx_word' id='word_1_144' title='bbox 916 3286 1023 3356; x_wconf 78' lang='lat' dir='ltr'>Caesar,</span> 
     </span>
     <span class='ocr_line' id='line_1_25' title="bbox 386 3381 1003 3461; baseline 0.006 -23"><span class='ocrx_word' id='word_1_145' title='bbox 386 3381 531 3441; x_wconf 85' lang='lat' dir='ltr'>Obtineat</span> <span class='ocrx_word' id='word_1_146' title='bbox 544 3384 657 3461; x_wconf 83' lang='lat' dir='ltr'>siquam</span> <span class='ocrx_word' id='word_1_147' title='bbox 673 3384 782 3443; x_wconf 87' lang='lat' dir='ltr'>Fabula</span> <span class='ocrx_word' id='word_1_148' title='bbox 796 3384 892 3460; x_wconf 84' lang='lat' dir='ltr'>prisca</span> <span class='ocrx_word' id='word_1_149' title='bbox 904 3382 1003 3442; x_wconf 83' lang='lat' dir='ltr'>fidem.</span> 
     </span>
    </p>

    <p class='ocr_par' dir='ltr' id='par_1_13' title="bbox 346 3477 1157 3650">
     <span class='ocr_line' id='line_1_26' title="bbox 346 3477 1157 3558; baseline 0.004 -23"><span class='ocrx_word' id='word_1_150' title='bbox 346 3478 381 3535; x_wconf 95' lang='lat' dir='ltr'>In</span> <span class='ocrx_word' id='word_1_151' title='bbox 396 3477 470 3537; x_wconf 87' lang='lat' dir='ltr'>latus</span> <span class='ocrx_word' id='word_1_152' title='bbox 482 3498 569 3538; x_wconf 86' lang='lat' dir='ltr'>omne</span> <span class='ocrx_word' id='word_1_153' title='bbox 584 3494 686 3556; x_wconf 83' lang='lat' dir='ltr'>patens</span> <span class='ocrx_word' id='word_1_154' title='bbox 702 3480 820 3538; x_wconf 79' lang='lat' dir='ltr'>Tuuxrs</span> <span class='ocrx_word' id='word_1_155' title='bbox 833 3480 1034 3558; x_wconf 89' lang='lat' dir='ltr'>circumspicit</span> <span class='ocrx_word' id='word_1_156' title='bbox 1048 3480 1157 3548; x_wconf 83' lang='lat' dir='ltr'>Vndss,</span> 
     </span>
     <span class='ocr_line' id='line_1_27' title="bbox 386 3570 1004 3650; baseline 0.005 -20"><span class='ocrx_word' id='word_1_157' title='bbox 386 3570 475 3647; x_wconf 83' lang='lat' dir='ltr'>Cogit</span> <span class='ocrx_word' id='word_1_158' title='bbox 489 3586 518 3631; x_wconf 90' lang='lat' dir='ltr'>et</span> <span class='ocrx_word' id='word_1_159' title='bbox 533 3573 690 3648; x_wconf 82' lang='lat' dir='ltr'>Ignivomis</span> <span class='ocrx_word' id='word_1_160' title='bbox 704 3575 737 3633; x_wconf 92' lang='lat' dir='ltr'>in</span> <span class='ocrx_word' id='word_1_161' title='bbox 751 3594 802 3633; x_wconf 87' lang='lat' dir='ltr'>sua</span> <span class='ocrx_word' id='word_1_162' title='bbox 814 3573 884 3650; x_wconf 87' lang='lat' dir='ltr'>Juta</span> <span class='ocrx_word' id='word_1_163' title='bbox 900 3574 1004 3633; x_wconf 89' lang='lat' dir='ltr'>Minis.</span> 
     </span>
    </p>

    <p class='ocr_par' dir='ltr' id='par_1_14' title="bbox 345 3670 1131 3747">
     <span class='ocr_line' id='line_1_28' title="bbox 345 3670 1131 3747; baseline -0.003 -18"><span class='ocrx_word' id='word_1_164' title='bbox 345 3670 525 3731; x_wconf 84' lang='lat' dir='ltr'>omnimoda</span> <span class='ocrx_word' id='word_1_165' title='bbox 536 3670 586 3729; x_wconf 80' lang='lat' dir='ltr'>liic</span> <span class='ocrx_word' id='word_1_166' title='bbox 603 3671 746 3731; x_wconf 84' lang='lat' dir='ltr'>Mavortis</span> <span class='ocrx_word' id='word_1_167' title='bbox 760 3685 822 3733; x_wconf 86' lang='lat' dir='ltr'>erat</span> <span class='ocrx_word' id='word_1_168' title='bbox 835 3686 974 3747; x_wconf 85' lang='lat' dir='ltr'>congesta</span> <span class='ocrx_word' id='word_1_169' title='bbox 986 3670 1131 3747; x_wconf 86' lang='lat' dir='ltr'>supellex,</span> 
     </span>
    </p>
   </div>
   <div class='ocr_carea' id='block_1_9' title="bbox 389 3767 1205 3905">
    <p class='ocr_par' dir='ltr' id='par_1_15' title="bbox 389 3767 1205 3905">
     <span class='ocr_line' id='line_1_29' title="bbox 389 3767 1205 3846; baseline -0.009 -13"><span class='ocrx_word' id='word_1_170' title='bbox 389 3767 485 3845; x_wconf 83' lang='lat' dir='ltr'>Quaeq</span> <span class='ocrx_word' id='word_1_171' title='bbox 501 3791 509 3836; x_wconf 90' lang='lat'>;</span> <span class='ocrx_word' id='word_1_172' title='bbox 524 3771 770 3844; x_wconf 86' lang='lat' dir='ltr'>tegunthomines</span> <span class='ocrx_word' id='word_1_173' title='bbox 782 3771 881 3841; x_wconf 82' lang='lat' dir='ltr'>Arma,</span> <span class='ocrx_word' id='word_1_174' title='bbox 893 3768 1021 3846; x_wconf 89' lang='lat' dir='ltr'>quibusq</span> <span class='ocrx_word' id='word_1_175' title='bbox 1038 3792 1046 3837; x_wconf 90' lang='lat'>;</span> <span class='ocrx_word' id='word_1_176' title='bbox 1060 3781 1205 3845; x_wconf 88' lang='lat' dir='ltr'>premunt.</span> 
     </span>
     <span class='ocr_line' id='line_1_30' title="bbox 390 3866 427 3905; baseline 0 0"><span class='ocrx_word' id='word_1_177' title='bbox 390 3866 427 3905; x_wconf 82' lang='lat' dir='ltr'>aa</span> 
     </span>
    </p>
   </div>
   <div class='ocr_carea' id='block_1_10' title="bbox 0 0 1442 4700">
    <p class='ocr_par' dir='ltr' id='par_1_16' title="bbox 0 0 1442 4700">
     <span class='ocr_line' id='line_1_31' title="bbox 0 0 1442 4700; baseline 0 3"><span class='ocrx_word' id='word_1_178' title='bbox 0 0 1442 4700; x_wconf 95' lang='lat' dir='ltr'> </span> 
     </span>
    </p>
   </div>
  </div>
 </body>
</html>
