2875 4700
343 633 379 687 28
572 632 737 710 Aungervyh
752 630 865 710 Society’s
880 634 1010 709 Reprirtr.

381 791 502 870 Cumq;
523 793 669 852 Satellitio
682 794 807 871 Jupiter,
823 794 890 872 Ipse
905 808 981 863 tuor

341 889 471 949 Panditis
486 889 604 950 insolita
618 893 648 952 in
665 893 747 950 tenui
762 891 930 968 spectacula
946 891 1049 954 Vitro:

383 986 449 1046 Nec
465 1003 533 1048 sunt
546 990 631 1048 Astra
645 989 743 1050 minus
759 989 860 1050 Pulice
877 1005 929 1048 not
943 1009 960 1048 a
975 990 1044 1052 levi.
1156 980 1159 984 ⁵

342 1085 392 1145 Tu
407 1107 473 1166 que,
489 1087 587 1148 animo
603 1089 653 1168 qui
668 1089 747 1148 Vota
762 1087 877 1148 Orbem
891 1088 990 1149 secere
1007 1088 1171 1159 Minorem,

383 1183 443 1244 Hic
459 1183 545 1245 fieres
556 1186 647 1246 animi
661 1205 791 1264 compos,
806 1185 928 1265 (Arare)
944 1187 1009 1246 tui:

343 1282 372 1342 Si
386 1283 472 1342 modo
488 1305 552 1364 quae
567 1287 681 1362 ignotos
694 1286 836 1364 patefecit
849 1287 943 1346 vitrea
958 1284 1089 1344 Mundos

383 1382 533 1457 Machina,
547 1384 584 1444 ad
596 1385 649 1445 hos
665 1370 800 1446 Mundos
814 1399 845 1444 et
858 1383 1007 1444 docuisset
1021 1384 1092 1444 Iter.

342 1541 444 1620 Quid?
465 1542 544 1622 quod
559 1543 591 1602 in
606 1543 728 1620 Exiguis
743 1542 902 1602 trutinatur
916 1539 1063 1601 Lancibus
1078 1540 1147 1610 Aer,

382 1639 517 1700 Vertitur
532 1656 562 1701 et
575 1641 675 1720 pluma
688 1643 767 1718 justa
783 1642 896 1701 Statera
910 1641 990 1700 levi?

342 1736 444 1814 Regna
458 1739 536 1818 quod
552 1739 687 1816 Imperiis
701 1755 805 1818 parent
820 1739 974 1819 Neptunia
989 1737 1092 1810 doctis,

382 1836 420 1894 Et
434 1835 499 1896 fluit
514 1836 550 1896 ad
565 1837 659 1913 Leges
674 1837 792 1896 mobilis
807 1837 885 1896 unda
900 1835 1024 1896 Novas?

342 1932 432 1993 Certa
446 1934 526 2014 quod
539 1936 676 1998 immensi
691 1936 805 2014 capitur
820 1936 961 1994 Mensura
974 1933 1122 2013 profundi,

382 2032 420 2092 Et
434 2053 560 2094 vacuum
573 2048 638 2112 post
653 2034 709 2094 hac
723 2033 844 2092 Nomen
859 2032 988 2108 Abyssus
1004 2031 1082 2091 erit?
1209 2024 1213 2029 ’

342 2130 431 2208 Quod
445 2131 532 2190 situla
546 2133 577 2191 in
592 2131 675 2203 salso,
691 2151 807 2210 quaqua
822 2145 911 2208 patet,
927 2149 1042 2209 aequore
1058 2148 1159 2200 mersa,

382 2229 510 2290 Excluso
527 2230 660 2290 hauritur
674 2229 789 2288 dulcior
805 2227 895 2287 Unda
912 2227 976 2286 Sale
993 2249 1001 2286 ε

343 2326 431 2407 Quod
446 2343 556 2388 mutare
572 2326 661 2386 Vices
675 2326 758 2385 Anni
773 2326 853 2406 quoq
866 2348 875 2395 ;
896 2323 1048 2404 Tempora
1063 2339 1182 2402 cogunt,

386 2424 485 2500 Friget
500 2439 529 2483 et
543 2424 641 2483 aestiva
656 2423 742 2482 mista
756 2422 877 2499 Lagena
891 2422 982 2479 nivel

343 2520 432 2597 Quod
446 2520 606 2599 liquefacta
620 2540 709 2579 novos
725 2519 850 2599 acquirit
867 2517 962 2578 Terra
976 2517 1091 2588 fluores,
1175 2512 1177 2515 ’

383 2618 462 2697 Inqr
483 2639 572 2677 novos
587 2618 679 2677 moles
694 2616 916 2678 consolidantur
929 2617 1023 2695 Aquae
1038 2620 1049 2673 ἓ

344 2714 433 2793 Quod
448 2715 580 2775 vibrante
594 2716 683 2793 fugax
699 2730 781 2775 motu
797 2713 867 2773 dum
882 2715 1012 2792 praeterit
1026 2712 1118 2784 Hora,

385 2812 517 2873 Pendula
533 2813 599 2872 Sole
615 2813 687 2873 Dies
702 2814 810 2872 certius
825 2832 881 2870 aera
895 2815 1018 2896 secanti

343 2911 422 2983 Mox¹
434 2932 514 2992 quoq
530 2934 538 2980 ;
560 2911 727 2971 Marmorea
742 2910 922 2987 lapidassent
938 2908 1054 2968 Robora
1069 2924 1174 2978 crusta,

384 3009 596 3088 Occludentq3
616 3030 678 3068 suas
694 3007 815 3085 Ignibus
830 3008 901 3066 Arte
917 3008 986 3067 vias.

345 3104 373 3161 Ο
390 3103 501 3163 utinam
516 3103 608 3162 Petris
623 3104 663 3161 ita
678 3103 799 3161 loricata
815 3102 948 3172 fuissent,

388 3202 544 3261 Materiam
557 3200 681 3283 flammis
695 3221 761 3278 quae
775 3199 863 3259 modo
878 3198 973 3285 Ligna
988 3197 1114 3257 dabant!

347 3299 441 3358 Staret
455 3298 549 3357 adhuc
565 3298 669 3369 forsan,
685 3318 767 3376 neq;
788 3313 891 3356 nostrae
906 3296 1003 3355 flenda
1018 3296 1168 3356 Camoenae

389 3396 468 3457 Urbs
483 3396 577 3455 fuerat
591 3394 696 3471 rapidis
712 3396 786 3453 Esca
800 3410 897 3453 vorata
913 3396 1013 3472 Rogia.

350 3544 400 3603 Tu
415 3564 494 3624 quoq
507 3568 516 3613 ;
536 3563 602 3623 quae
617 3563 710 3602 versas
725 3543 859 3602 cecinisti
875 3542 964 3601 Musa
978 3540 1092 3617 figuras,

392 3642 519 3701 Materia
534 3642 582 3699 hic
597 3640 678 3700 dives
693 3640 838 3699 nobiliore
854 3640 941 3699 sores.

351 3736 410 3796 Hic
426 3738 567 3797 exhausta
581 3752 675 3797 tumet
685 3738 847 3815 peregrino
857 3738 999 3812 aarrguine
1014 3737 1109 3807 Vena,

392 3835 621 3913 Transmissaeqr
642 3836 756 3893 Animae
772 3854 831 3893 non
846 3854 896 3892 sua
912 3832 1049 3892 Membra
1064 3834 1173 3902 fovent,

433 3919 471 3976 28
