2875 4700
341 678 375 716 ιο
653 659 771 718 Londan's
793 661 922 720 Remins.

377 821 456 880 Dum
472 838 570 880 tamen
585 822 718 898 indulget
733 839 814 898 grato
828 824 874 898 pis
891 823 978 882 Musa
993 824 1095 894 labori,

417 918 540 994 Colligit
556 933 584 976 et
600 919 723 978 Gremio
736 918 840 977 rudera
854 919 942 995 digna
956 942 1008 978 suo
1022 945 1029 979 t

378 1014 496 1089 Integer
511 1015 618 1072 effossis
633 1016 709 1072 virus
724 1031 832 1074 restare
846 1016 938 1073 ruinis

419 1110 535 1182 Praesul,
550 1111 585 1169 ab
601 1112 735 1188 exequiis
750 1113 797 1168 cui
813 1113 867 1169 tria
881 1113 965 1170 saecla
980 1111 1086 1172 fluunt.

376 1209 494 1283 Integer
509 1224 539 1266 et
554 1228 669 1266 maneas
685 1232 694 1276 ;
714 1227 810 1284 neque
825 1209 862 1266 sit
876 1209 1022 1269 crudelior
1036 1211 1097 1286 ipso

416 1302 518 1362 Turba
535 1305 588 1362 tibi
603 1303 746 1373 Tumulo‚
763 1303 951 1377 Pontificalis,
966 1307 1015 1365 ait.

376 1401 455 1458 Dum
469 1400 623 1476 Discerpta
637 1400 681 1458 illi
697 1401 863 1458 venerando
877 1401 966 1460 Busta
979 1402 1133 1478 profanant
1148 1426 1159 1470 3

417 1497 492 1554 Ecce
508 1495 514 1554 ἔ
539 1497 712 1554 Reformatis
728 1511 790 1554 tuta
806 1495 944 1572 Sepulcra
958 1515 1088 1558 manent.

377 1699 527 1768 Constitit,
543 1714 573 1755 et
587 1697 671 1756 simul
687 1698 719 1754 in
734 1698 844 1754 vicinas
857 1698 969 1756 lumina
983 1699 1080 1758 clades

416 1795 555 1864 volvens,
571 1793 687 1852 indiciis
702 1794 884 1875 condolitura
899 1794 956 1852 suis
971 1817 979 1853 :

377 1891 557 1962 Hossrrruur,
573 1891 699 1950 Cissrsrr
715 1891 809 1950 fuerat
823 1893 871 1950 cui
887 1890 1005 1950 Nomen
1022 1893 1135 1961 honori,

416 1987 535 2046 Nudaro
550 1988 727 2045 horrendum
741 1989 860 2057 vertice,
874 1988 966 2064 prima
980 1988 1069 2047 videt.

376 2082 502 2154 Nobilis,
518 2084 576 2155 hic,
593 2084 643 2142 uni
660 2083 790 2142 Paulina:
804 2100 927 2145 cesserat
942 2084 1054 2143 AEdes:
1082 2144 1084 2147 .

417 2182 500 2238 Mole
516 2181 592 2256 prior
606 2181 700 2254 Pauli,
716 2179 797 2238 nulla
812 2181 907 2238 nitore
921 2181 988 2238 fuit.

377 2280 507 2355 Onaratq
521 2301 530 2344 ;
551 2277 684 2335 Scholam
701 2276 786 2351 largis
799 2276 987 2353 proventibus
1001 2292 1116 2335 auctam

417 2374 559 2432 Munisrca
575 2373 656 2431 Civis
670 2373 811 2449 plurimus
826 2375 901 2432 airus
915 2396 980 2451 ope.

377 2473 481 2531 Vidit:
504 2488 532 2529 et
548 2486 579 2528 ut
593 2486 719 2545 surgant,
735 2470 820 2542 dixit,
836 2487 885 2529 tua
902 2471 1022 2541 Maenia,
1038 2452 1166 2541 Christe,

416 2570 466 2627 Tu
481 2569 528 2644 pia
542 2566 674 2643 prolifico
691 2566 807 2625 Rudera
822 2568 915 2625 conde
931 2569 1008 2627 sinu.

376 2797 553 2870 Contiguam
569 2811 600 2852 ut
615 2794 686 2852 vidit
702 2810 842 2851 servatam
859 2781 900 2852 eu⁴
911 2794 1031 2871 Ignibus
1045 2794 1163 2864 AEdem‚

416 2894 550 2951 inrisum
565 2912 685 2949 maerens
701 2907 842 2967 temperat
857 2912 906 2949 ora
920 2891 1013 2949 levem
1030 2917 1038 2961 3

377 2993 413 3049 Et
428 2990 547 3059 mutilis,
562 2989 669 3065 inquit,
685 2988 800 3058 merito,
815 2988 960 3059 Vulcane‚
976 2988 1100 3057 favebas,

416 3086 526 3145 Fabula
541 3086 563 3142 si
579 3084 695 3143 claudos
709 3084 758 3141 dat
773 3084 827 3141 tibi
841 3103 908 3141 vcra
922 3084 1021 3160 pedes.

376 3312 480 3369 Vestra
495 3328 583 3386 prope
599 3308 749 3365 astiterant
765 3305 868 3363 Phoebi
885 3307 1018 3383 Collegia
1033 3308 1148 3384 proles:

416 3408 482 3465 Nec
497 3421 630 3483 poterant
646 3407 731 3464 statui
747 3405 943 3463 commodiore
958 3405 1048 3464 Loco.

376 3507 475 3584 Nsmq
491 3530 499 3574 ;
521 3503 611 3561 Patris
628 3503 716 3561 nostri
731 3504 829 3561 vicum
845 3520 910 3579 apte
925 3504 1066 3561 clauserat
1080 3505 1187 3573 Arnen,

416 3602 522 3659 Praevia
537 3616 566 3658 et
581 3600 616 3657 ad
633 3599 766 3658 Medicos
779 3602 900 3675 jusserat
915 3601 955 3658 ire
971 3620 1067 3677 prece.

421 3797 455 3836 10
